
@book{Brandao2016,
	author    = {Renato Uch\^oa Brand{\~a}o},
	publisher = {Nome da Editora},
	title     = {T\'itulo da obra},
	subtitle  = {Subt\'itulo da obra},
	address   = {Para\'iso do Tocantins},
	edition   = {2},
	year      = {2016},
}

% Incluir as demais referências ...

% Consulte o manual de referências para entender como manter a bibliografia e fazer citações no documento
% http://get-software.net/macros/latex/contrib/abntex2/doc/abntex2cite-alf.pdf